@Manual{citeR,
    title = {R: A Language and Environment for Statistical Computing},
    author = {{R Core Team}},
    organization = {R Foundation for Statistical Computing},
    address = {Vienna, Austria},
    year = {2020},
    url = {https://www.R-project.org/},
  }
  
@Article{citetidyverse,
    title = {Welcome to the {tidyverse}},
    author = {Hadley Wickham and Mara Averick and Jennifer Bryan and Winston Chang and Lucy D'Agostino McGowan and Romain François and Garrett Grolemund and Alex Hayes and Lionel Henry and Jim Hester and Max Kuhn and Thomas Lin Pedersen and Evan Miller and Stephan Milton Bache and Kirill Müller and Jeroen Ooms and David Robinson and Dana Paige Seidel and Vitalie Spinu and Kohske Takahashi and Davis Vaughan and Claus Wilke and Kara Woo and Hiroaki Yutani},
    year = {2019},
    journal = {Journal of Open Source Software},
    volume = {4},
    number = {43},
    pages = {1686},
    doi = {10.21105/joss.01686},
  }
  
@Manual{citeopendatatoronto,
    title = {opendatatoronto: Access the City of Toronto Open Data Portal},
    author = {Sharla Gelfand},
    year = {2020},
    note = {R package version 0.1.4},
    url = {https://CRAN.R-project.org/package=opendatatoronto},
  }

@Manual{citedplyr,
    title = {dplyr: A Grammar of Data Manipulation},
    author = {Hadley Wickham and Romain François and Lionel Henry and Kirill Müller},
    year = {2021},
    note = {R package version 1.0.7},
    url = {https://CRAN.R-project.org/package=dplyr},
  }

@Book{citeggplot2,
    author = {Hadley Wickham},
    title = {ggplot2: Elegant Graphics for Data Analysis},
    publisher = {Springer-Verlag New York},
    year = {2016},
    isbn = {978-3-319-24277-4},
    url = {https://ggplot2.tidyverse.org},
  }
  
@Article{citeggmap,
    author = {David Kahle and Hadley Wickham},
    title = {ggmap: Spatial Visualization with ggplot2},
    journal = {The R Journal},
    year = {2013},
    volume = {5},
    number = {1},
    pages = {144--161},
    url = {https://journal.r-project.org/archive/2013-1/kahle-wickham.pdf},
  }
  
@Manual{citemapproj,
    title = {mapproj: Map Projections},
    author = {Doug McIlroy. Packaged for R by Ray Brownrigg and Thomas P Minka and transition to Plan 9 codebase by Roger Bivand.},
    year = {2022},
    note = {R package version 1.2.8},
    url = {https://CRAN.R-project.org/package=mapproj},
  }
  
@Manual{citemaps,
    title = {maps: Draw Geographical Maps},
    author = {Original S code by Richard A. Becker and Allan R. Wilks. R version by Ray Brownrigg. Enhancements by Thomas P Minka and Alex Deckmyn.},
    year = {2021},
    note = {R package version 3.4.0},
    url = {https://CRAN.R-project.org/package=maps},
  }
  
@Article{fire_protection,
    title = {Optimum building design for fire protection},
    year = {1985},
    journal = {Indian and Northern Affairs Canada, Technical Services and Contracts},
  }  
  
@Article{commercial_kitchen,
    title = {Commercial Kitchen Fire Suppression Solutions},
    author = {Bill Griffin and Mike Morgan},
    year = {2016},
    journal = {ASHRAE journal},
    volume = {58},
    number = {11},
    pages = {14},
  }  
  
@Article{risk_factor,
    title = {RISK FACTORS FOR UNINTENTIONAL HOUSE FIRE INCIDENTS, INJURIES AND DEATHS: A SYSTEMATIC REVIEW},
    author = {Samantha L Turner and Rhodri Johnson and Alison L Weightman and Sarah E Rodgers and Geri Arthur and Rowena Bailey and Ronan A Lyons},
    year = {2016},
    journal = {Injury prevention},
    volume = {22},
    pages = {A301},
  }

@Manual{citegrid,
    title = {gridExtra: Miscellaneous Functions for "Grid" Graphics},
    author = {Baptiste Auguie},
    year = {2017},
    note = {R package version 2.3},
  }
  
@Manual{citemodelsummary,
    title = {modelsummary: Summary Tables and Plots for Statistical Models and Data:
Beautiful, Customizable, and Publication-Ready},
    author = {Vincent Arel-Bundock},
    year = {2022},
    note = {R package version 0.9.5},
    url = {https://vincentarelbundock.github.io/modelsummary/},
  }
  
@Manual{citesvglite,
    title = {svglite: An 'SVG' Graphics Device},
    author = {Hadley Wickham and Lionel Henry and Thomas Lin Pedersen and T Jake Luciani and Matthieu Decorde and Vaudor Lise},
    year = {2021},
    note = {https://svglite.r-lib.org, https://github.com/r-lib/svglite},
  }
  
@Manual{citeganitor,
    title = {janitor: Simple Tools for Examining and Cleaning Dirty Data},
    author = {Sam Firke},
    year = {2021},
    note = {R package version 2.1.0},
    url = {https://github.com/sfirke/janitor},
  }
  
@Manual{citekable,
    title = {kableExtra: Construct Complex Table with 'kable' and Pipe Syntax},
    author = {Hao Zhu},
    year = {2021},
    note = {http://haozhu233.github.io/kableExtra/,
https://github.com/haozhu233/kableExtra},
  }
  
